@article{masek1980faster,
  title={A faster algorithm computing string edit distances},
  author={Masek, William J and Paterson, Michael S},
  journal={Journal of Computer and System sciences},
  volume={20},
  number={1},
  pages={18--31},
  year={1980},
  publisher={Elsevier}
}

@book{gusfield1997algorithms,
  title={Algorithms on strings, trees and sequences: computer science and computational biology},
  author={Gusfield, Dan},
  year={1997},
  publisher={Cambridge university press}
}

@article{needleman1970general,
  title={A general method applicable to the search for similarities in the amino acid sequence of two proteins},
  author={Needleman, Saul B and Wunsch, Christian D},
  journal={Journal of molecular biology},
  volume={48},
  number={3},
  pages={443--453},
  year={1970},
  publisher={Elsevier}
}

@incollection{kundeti2008extending,
  title={Extending the four russian algorithm to compute the edit script in linear space},
  author={Kundeti, Vamsi and Rajasekaran, Sanguthevar},
  booktitle={Computational Science--ICCS 2008},
  pages={893--902},
  year={2008},
  publisher={Springer}
}